% This file was created with JabRef 2.10.
% Encoding: UTF8

@article{zhai2022synthetic,
  title={Synthetic data augmentation for pixel-wise steel fatigue crack identification using fully convolutional networks},
  author={Zhai, Guanghao and Narazaki, Yasutaka and Wang, Shuo and Shajihan, Shaik Althaf V and Spencer Jr, Billie F},
  journal={Smart Struct Syst},
  volume={29},
  number={1},
  pages={237--250},
  year={2022}
}

@article{narazaki2021synthetic,
  title={Synthetic environments for vision-based structural condition assessment of Japanese high-speed railway viaducts},
  author={Narazaki, Yasutaka and Hoskere, Vedhus and Yoshida, Koji and Spencer, Billie F and Fujino, Yozo},
  journal={Mechanical Systems and Signal Processing},
  volume={160},
  pages={107850},
  year={2021},
  publisher={Elsevier}
}

@article{narazaki2018vision,
  title={Vision-based automated bridge component recognition integrated with high-level scene understanding},
  author={Narazaki, Yasutaka and Hoskere, Vedhus and Hoang, Tu A and Spencer, Billie F},
  journal={arXiv preprint arXiv:1805.06041},
  year={2018}
}

@article{narazaki2020vision,
  title={Vision-based automated bridge component recognition with high-level scene consistency},
  author={Narazaki, Yasutaka and Hoskere, Vedhus and Hoang, Tu A and Fujino, Yozo and Sakurai, Akito and Spencer Jr, Billie F},
  journal={Computer-Aided Civil and Infrastructure Engineering},
  volume={35},
  number={5},
  pages={465--482},
  year={2020},
  publisher={Wiley Online Library}
}

@article{spencer2019advances,
  title={Advances in computer vision-based civil infrastructure inspection and monitoring},
  author={Spencer Jr, Billie F and Hoskere, Vedhus and Narazaki, Yasutaka},
  journal={Engineering},
  volume={5},
  number={2},
  pages={199--222},
  year={2019},
  publisher={Elsevier}
}

@article{krizhevsky2017imagenet,
  title={Imagenet classification with deep convolutional neural networks},
  author={Krizhevsky, Alex and Sutskever, Ilya and Hinton, Geoffrey E},
  journal={Communications of the ACM},
  volume={60},
  number={6},
  pages={84--90},
  year={2017},
  publisher={AcM New York, NY, USA}
}

@article{ziou1998edge,
  title={Edge detection techniques-an overview},
  author={Ziou, Djemel and Tabbone, Salvatore and others},
  journal={Pattern Recognition and Image Analysis C/C of Raspoznavaniye Obrazov I Analiz Izobrazhenii},
  volume={8},
  pages={537--559},
  year={1998},
  publisher={NAUKA/INTERPERIODICA PUBLISHING}
}

@article{jahanshahi2009survey,
  title={A survey and evaluation of promising approaches for automatic image-based defect detection of bridge structures},
  author={Jahanshahi, Mohammad R and Kelly, Jonathan S and Masri, Sami F and Sukhatme, Gaurav S},
  journal={Structure and Infrastructure Engineering},
  volume={5},
  number={6},
  pages={455--486},
  year={2009},
  publisher={Taylor \& Francis}
}

@article{abdel2003analysis,
  title={Analysis of edge-detection techniques for crack identification in bridges},
  author={Abdel-Qader, Ikhlas and Abudayyeh, Osama and Kelly, Michael E},
  journal={Journal of Computing in Civil Engineering},
  volume={17},
  number={4},
  pages={255--263},
  year={2003},
  publisher={American Society of Civil Engineers}
}

@article{feng2018computer,
  title={Computer vision for SHM of civil infrastructure: From dynamic response measurement to damage detection--A review},
  author={Feng, Dongming and Feng, Maria Q},
  journal={Engineering Structures},
  volume={156},
  pages={105--117},
  year={2018},
  publisher={Elsevier}
}

@article{nian2021civil,
  title={Civil engineering stability inspection based on computer vision and sensors},
  author={Nian, Hongfen},
  journal={Microprocessors and Microsystems},
  volume={82},
  pages={103838},
  year={2021},
  publisher={Elsevier}
}

@article{gopalakrishnan2018crack,
  title={Crack damage detection in unmanned aerial vehicle images of civil infrastructure using pre-trained deep learning model},
  author={Gopalakrishnan, Kasthurirangan and Gholami, Hoda and Vidyadharan, Akash and Choudhary, Alok and Agrawal, Ankit},
  journal={Int. J. Traffic Transp. Eng},
  volume={8},
  number={1},
  pages={1--14},
  year={2018}
}

@incollection{vidyadharan2017civil,
  title={Civil Infrastructure Health Monitoring and Management Using Unmanned Aerial Systems},
  author={Vidyadharan, Akash and Carter, Tyler and Ceylan, Halil and Bloebaum, Christina and Gopalakrishnan, Kasthurirangan and Kim, Sunghwan},
  booktitle={Airfield and Highway Pavements 2017},
  pages={207--216},
  year={2017}
}

@inproceedings{szegedy2015going,
  title={Going deeper with convolutions},
  author={Szegedy, Christian and Liu, Wei and Jia, Yangqing and Sermanet, Pierre and Reed, Scott and Anguelov, Dragomir and Erhan, Dumitru and Vanhoucke, Vincent and Rabinovich, Andrew},
  booktitle={Proceedings of the IEEE conference on computer vision and pattern recognition},
  pages={1--9},
  year={2015}
}

@misc{chollet2015keras,
  title={Keras},
  author={Chollet, Francois and others},
  year={2015},
  publisher={GitHub},
  url={https://github.com/fchollet/keras},
}

@article{Gagg2014,
  doi = {10.1016/j.engfailanal.2014.02.004},
  url = {https://doi.org/10.1016/j.engfailanal.2014.02.004},
  year = {2014},
  month = may,
  publisher = {Elsevier {BV}},
  volume = {40},
  pages = {114--140},
  author = {Colin R. Gagg},
  title = {Cement and concrete as an engineering material: An historic appraisal and case study analysis},
  journal = {Engineering Failure Analysis}
}

@article{hoskere2018vision,
  title={Vision-based structural inspection using multiscale deep convolutional neural networks},
  author={Hoskere, Vedhus and Narazaki, Yasutaka and Hoang, Tu and Spencer Jr, BillieF},
  journal={arXiv preprint arXiv:1805.01055},
  year={2018}
}

@article{liuhierarchical,
  title={A hierarchical semantic segmentation framework for computer vision-based bridge damage detection},
  author={Liu, Jingxiao and Wei, Yujie and Chen, Bingqing}
}

@inproceedings{prasanna2012computer,
  title={Computer-vision based crack detection and analysis},
  author={Prasanna, Prateek and Dana, Kristin and Gucunski, Nenad and Basily, Basily},
  booktitle={Sensors and smart structures technologies for civil, mechanical, and aerospace systems 2012},
  volume={8345},
  pages={1143--1148},
  year={2012},
  organization={SPIE}
}

@article{kim2018automated,
  title={Automated vision-based detection of cracks on concrete surfaces using a deep learning technique},
  author={Kim, Byunghyun and Cho, Soojin},
  journal={Sensors},
  volume={18},
  number={10},
  pages={3452},
  year={2018},
  publisher={MDPI}
}
@article{yang2018automatic,
  title={Automatic pixel-level crack detection and measurement using fully convolutional network},
  author={Yang, Xincong and Li, Heng and Yu, Yantao and Luo, Xiaochun and Huang, Ting and Yang, Xu},
  journal={Computer-Aided Civil and Infrastructure Engineering},
  volume={33},
  number={12},
  pages={1090--1109},
  year={2018},
  publisher={Wiley Online Library}
}

@article{kingma2014adam,
  title={Adam: A method for stochastic optimization},
  author={Kingma, Diederik P and Ba, Jimmy},
  journal={arXiv preprint arXiv:1412.6980},
  year={2014}
}


@inproceedings{li2019expectation,
  title={Expectation-maximization attention networks for semantic segmentation},
  author={Li, Xia and Zhong, Zhisheng and Wu, Jianlong and Yang, Yibo and Lin, Zhouchen and Liu, Hong},
  booktitle={Proceedings of the IEEE/CVF International Conference on Computer Vision},
  pages={9167--9176},
  year={2019}
}

@inproceedings{huang2017densely,
  title={Densely connected convolutional networks},
  author={Huang, Gao and Liu, Zhuang and Van Der Maaten, Laurens and Weinberger, Kilian Q},
  booktitle={Proceedings of the IEEE conference on computer vision and pattern recognition},
  pages={4700--4708},
  year={2017}
}

@article{jahanshahi2012adaptive,
  title={Adaptive vision-based crack detection using 3D scene reconstruction for condition assessment of structures},
  author={Jahanshahi, Mohammad R and Masri, Sami F},
  journal={Automation in Construction},
  volume={22},
  pages={567--576},
  year={2012},
  publisher={Elsevier}
}

@article{liu2019computer,
  title={Computer vision-based concrete crack detection using U-net fully convolutional networks},
  author={Liu, Zhenqing and Cao, Yiwen and Wang, Yize and Wang, Wei},
  journal={Automation in Construction},
  volume={104},
  pages={129--139},
  year={2019},
  publisher={Elsevier}
}

@article{kong2018vision,
  title={Vision-based fatigue crack detection of steel structures using video feature tracking},
  author={Kong, Xiangxiong and Li, Jian},
  journal={Computer-Aided Civil and Infrastructure Engineering},
  volume={33},
  number={9},
  pages={783--799},
  year={2018},
  publisher={Wiley Online Library}
}

@article{ji2020vision,
  title={Vision-based measurements of deformations and cracks for RC structure tests},
  author={Ji, Xiaodong and Miao, Zenghui and Kromanis, Rolands},
  journal={Engineering Structures},
  volume={212},
  pages={110508},
  year={2020},
  publisher={Elsevier}
}

@article{dung2019vision,
  title={A vision-based method for crack detection in gusset plate welded joints of steel bridges using deep convolutional neural networks},
  author={Dung, Cao Vu and Sekiya, Hidehiko and Hirano, Suichi and Okatani, Takayuki and Miki, Chitoshi},
  journal={Automation in Construction},
  volume={102},
  pages={217--229},
  year={2019},
  publisher={Elsevier}
}

@article{dworakowski2016vision,
  title={Vision-based algorithms for damage detection and localization in structural health monitoring},
  author={Dworakowski, Ziemowit and Kohut, Piotr and Gallina, Alberto and Holak, Krzysztof and Uhl, Tadeusz},
  journal={Structural Control and Health Monitoring},
  volume={23},
  number={1},
  pages={35--50},
  year={2016},
  publisher={Wiley Online Library}
}

@article{das2002vision,
  title={A vision-based formation control framework},
  author={Das, Aveek K and Fierro, Rafael and Kumar, Vijay and Ostrowski, James P and Spletzer, John and Taylor, Camillo J},
  journal={IEEE transactions on robotics and automation},
  volume={18},
  number={5},
  pages={813--825},
  year={2002},
  publisher={IEEE}
}

@article{kumar2008computer,
  title={Computer-vision-based fabric defect detection: A survey},
  author={Kumar, Ajay},
  journal={IEEE transactions on industrial electronics},
  volume={55},
  number={1},
  pages={348--363},
  year={2008},
  publisher={IEEE}
}

@article{li2002computer,
  title={Computer vision based system for apple surface defect detection},
  author={Li, Qingzhong and Wang, Maohua and Gu, Weikang},
  journal={Computers and electronics in agriculture},
  volume={36},
  number={2-3},
  pages={215--223},
  year={2002},
  publisher={Elsevier}
}

@article{lee2006vision,
  title={A vision-based system for remote sensing of bridge displacement},
  author={Lee, Jong Jae and Shinozuka, Masanobu},
  journal={Ndt \& E International},
  volume={39},
  number={5},
  pages={425--431},
  year={2006},
  publisher={Elsevier}
}

@inproceedings{kalashnikov2018scalable,
  title={Scalable deep reinforcement learning for vision-based robotic manipulation},
  author={Kalashnikov, Dmitry and Irpan, Alex and Pastor, Peter and Ibarz, Julian and Herzog, Alexander and Jang, Eric and Quillen, Deirdre and Holly, Ethan and Kalakrishnan, Mrinal and Vanhoucke, Vincent and others},
  booktitle={Conference on Robot Learning},
  pages={651--673},
  year={2018},
  organization={PMLR}
}

@article{shirmohammadi2014camera,
  title={Camera as the instrument: The rising trend of vision based measurement},
  author={Shirmohammadi, Shervin and Ferrero, Alessandro},
  journal={IEEE Instrumentation \& Measurement Magazine},
  volume={17},
  number={3},
  pages={41--47},
  year={2014},
  publisher={IEEE}
}

@article{bakker2008vision,
  title={A vision based row detection system for sugar beet},
  author={Bakker, Tijmen and Wouters, Hendrik and Van Asselt, Kees and Bontsema, Jan and Tang, Lie and M{\"u}ller, Joachim and van Straten, Gerrit},
  journal={Computers and electronics in agriculture},
  volume={60},
  number={1},
  pages={87--95},
  year={2008},
  publisher={Elsevier}
}

@article{aastrand2002agricultural,
  title={An agricultural mobile robot with vision-based perception for mechanical weed control},
  author={{\AA}strand, Bj{\"o}rn and Baerveldt, Albert-Jan},
  journal={Autonomous robots},
  volume={13},
  number={1},
  pages={21--35},
  year={2002},
  publisher={Springer}
}

@article{liu2009vide,
  title={Vide: A vision-based approach for deep web data extraction},
  author={Liu, Wei and Meng, Xiaofeng and Meng, Weiyi},
  journal={IEEE transactions on knowledge and data engineering},
  volume={22},
  number={3},
  pages={447--460},
  year={2009},
  publisher={IEEE}
}

@article{neogi2014review,
  title={Review of vision-based steel surface inspection systems},
  author={Neogi, Nirbhar and Mohanta, Dusmanta K and Dutta, Pranab K},
  journal={EURASIP Journal on Image and Video Processing},
  volume={2014},
  number={1},
  pages={1--19},
  year={2014},
  publisher={SpringerOpen}
}

@inproceedings{malis2004improving,
  title={Improving vision-based control using efficient second-order minimization techniques},
  author={Malis, Ezio},
  booktitle={IEEE International Conference on Robotics and Automation, 2004. Proceedings. ICRA'04. 2004},
  volume={2},
  pages={1843--1848},
  year={2004},
  organization={IEEE}
}

@article{feng2016vision,
  title={Vision-based multipoint displacement measurement for structural health monitoring},
  author={Feng, Dongming and Feng, Maria Q},
  journal={Structural Control and Health Monitoring},
  volume={23},
  number={5},
  pages={876--890},
  year={2016},
  publisher={Wiley Online Library}
}

@article{feng2015vision,
  title={A vision-based sensor for noncontact structural displacement measurement},
  author={Feng, Dongming and Feng, Maria Q and Ozer, Ekin and Fukuda, Yoshio},
  journal={Sensors},
  volume={15},
  number={7},
  pages={16557--16575},
  year={2015},
  publisher={MDPI}
}

@article{al2007evaluation,
  title={An evaluation of surface roughness parameters measurement using vision-based data},
  author={Al-Kindi, Ghassan A and Shirinzadeh, Bijan},
  journal={International Journal of Machine Tools and Manufacture},
  volume={47},
  number={3-4},
  pages={697--708},
  year={2007},
  publisher={Elsevier}
}

@article{stojanovic2001real,
  title={Real-time vision-based system for textile fabric inspection},
  author={Stojanovic, Radovan and Mitropulos, Panagiotis and Koulamas, Christos and Karayiannis, Yorgos and Koubias, Stavros and Papadopoulos, George},
  journal={Real-Time Imaging},
  volume={7},
  number={6},
  pages={507--518},
  year={2001},
  publisher={Elsevier}
}

@inproceedings{abdessalem2018testing,
  title={Testing vision-based control systems using learnable evolutionary algorithms},
  author={Abdessalem, Raja Ben and Nejati, Shiva and Briand, Lionel C and Stifter, Thomas},
  booktitle={2018 IEEE/ACM 40th International Conference on Software Engineering (ICSE)},
  pages={1016--1026},
  year={2018},
  organization={IEEE}
}

@article{moallem2017computer,
  title={Computer vision-based apple grading for golden delicious apples based on surface features},
  author={Moallem, Payman and Serajoddin, Alireza and Pourghassem, Hossein},
  journal={Information processing in agriculture},
  volume={4},
  number={1},
  pages={33--40},
  year={2017},
  publisher={Elsevier}
}

@article{tang2020recognition,
  title={Recognition and localization methods for vision-based fruit picking robots: A review},
  author={Tang, Yunchao and Chen, Mingyou and Wang, Chenglin and Luo, Lufeng and Li, Jinhui and Lian, Guoping and Zou, Xiangjun},
  journal={Frontiers in Plant Science},
  volume={11},
  pages={510},
  year={2020},
  publisher={Frontiers Media SA}
}

@article{xu2018review,
  title={Review of machine-vision based methodologies for displacement measurement in civil structures},
  author={Xu, Yan and Brownjohn, James MW},
  journal={Journal of Civil Structural Health Monitoring},
  volume={8},
  number={1},
  pages={91--110},
  year={2018},
  publisher={Springer}
}

@article{de2011durabiliidade,
  title={Durabiliidade e vida {\'u}til das estruturas de concreto},
  author={de Medeiros, Marcelo Henrique Farias and de Oliveira Andrade, Jairo Jos{\'e} and do Lago Helene, Paulo Roberto},
  journal={Concreto: ci{\^e}ncia e tecnologia},
  year={2011},
  publisher={Instituto Brasileiro do Concreto}
}

@article{koch2015review,
  title={A review on computer vision based defect detection and condition assessment of concrete and asphalt civil infrastructure},
  author={Koch, Christian and Georgieva, Kristina and Kasireddy, Varun and Akinci, Burcu and Fieguth, Paul},
  journal={Advanced Engineering Informatics},
  volume={29},
  number={2},
  pages={196--210},
  year={2015},
  publisher={Elsevier}
}

@article{hoskere2019vision,
  title={Vision-based modal survey of civil infrastructure using unmanned aerial vehicles},
  author={Hoskere, Vedhus and Park, Jong-Woong and Yoon, Hyungchul and Spencer Jr, Billie F},
  journal={Journal of Structural Engineering},
  volume={145},
  number={7},
  pages={04019062},
  year={2019},
  publisher={American Society of Civil Engineers}
}

@article{arakeri2016computer,
  title={Computer vision based fruit grading system for quality evaluation of tomato in agriculture industry},
  author={Arakeri, Megha P and others},
  journal={Procedia Computer Science},
  volume={79},
  pages={426--433},
  year={2016},
  publisher={Elsevier}
}

@article{qiao2021computer,
  title={Computer vision-based bridge damage detection using deep convolutional networks with expectation maximum attention module},
  author={Qiao, Wenting and Ma, Biao and Liu, Qiangwei and Wu, Xiaoguang and Li, Gang},
  journal={Sensors},
  volume={21},
  number={3},
  pages={824},
  year={2021},
  publisher={MDPI}
}

@inproceedings{michael2014collaborative,
  title={Collaborative mapping of an earthquake damaged building via ground and aerial robots},
  author={Michael, Nathan and Shen, Shaojie and Mohta, Kartik and Kumar, Vijay and Nagatani, Keiji and Okada, Yoshito and Kiribayashi, Seiga and Otake, Kazuki and Yoshida, Kazuya and Ohno, Kazunori and others},
  booktitle={Field and service robotics},
  pages={33--47},
  year={2014},
  organization={Springer}
}

@inproceedings{zoubir2021crack,
  title={Crack recognition automation in concrete bridges using Deep Convolutional Neural Networks},
  author={Zoubir, Hajar and Rguig, Mustapha and Elaroussi, Mohammed},
  booktitle={MATEC Web of Conferences},
  volume={349},
  pages={03014},
  year={2021},
  organization={EDP Sciences}
}

@article{jain2000statistical,
  title={Statistical pattern recognition: A review},
  author={Jain, Anil K and Duin, Robert P. W. and Mao, Jianchang},
  journal={IEEE Transactions on pattern analysis and machine intelligence},
  volume={22},
  number={1},
  pages={4--37},
  year={2000},
  publisher={Ieee}
}

@incollection{inaudi2009structural,
  title={Structural Health Monitoring of bridges: general issues and applications},
  author={Inaudi, D},
  booktitle={Structural health monitoring of civil infrastructure systems},
  pages={339--370},
  year={2009},
  publisher={Elsevier}
}

@techreport{MineralCommodity2007,
  doi = {10.3133/mineral2007},
  url = {https://doi.org/10.3133/mineral2007},
  year = {2007},
  publisher = {{US} Geological Survey},
  title = {Mineral Commodity Summaries 2007}
}

@article{Lima2014, 
    title={Concreto e suas inovações}, volume={1}, url={https://periodicos.set.edu.br/fitsexatas/article/view/1285}, 
    number={1}, 
    journal={Caderno de Graduação - Ciências Exatas e Tecnológicas - UNIT - ALAGOAS}, author={Lima, Sandovânio Ferreira and Lima, Caio Ivson Vasconcelos and Coutinho, Carlos Otávio Dantas and Azevedo, Gabriel Gama Carnaúba and Barros, Tarsys Yuri Gomes and Tauber, Thiago Campos}, 
    year={2014}, 
    month={maio}, 
    pages={31–40} 
}
 
@article{pinheiro2010estruturas,
  title={Estruturas de concreto--cap{\'\i}tulo},
  author={Pinheiro, Lib{\^a}nio M and Muzardo, Cassiane D and Santos, Sandro P and Catoia, Thiago and Catoia, Bruna},
  journal={Mar{\c{c}}o de},
  year={2010}
}

@article{afonso2021,
  title={Uma análise das Falhas Estruturais em Obras de Arte Especiais},
  author={José Afonso Pereira Vitório},
  journal={XII CONGRESSO BRASILEIRO de PONTES e ESTRUTURAS},
  year={2021}
}

@article{ham2016visual,
  title={Visual monitoring of civil infrastructure systems via camera-equipped Unmanned Aerial Vehicles (UAVs): a review of related works},
  author={Ham, Youngjib and Han, Kevin K and Lin, Jacob J and Golparvar-Fard, Mani},
  journal={Visualization in Engineering},
  volume={4},
  number={1},
  pages={1--8},
  year={2016},
  publisher={Springer}
}

@article{Ciro2014,
  title={vistoriando obras de arte especiais},
  author={Ciro José Ribeiro Vilella Araujo},
  journal={Revista notícias da construção},
  pages={60--62},
  year={2014},
  publisher={Soluções Inovadoras}
}

@misc{dnitdados,
    title={Dados.gov.br}, 
    url={https://dados.gov.br/organization/about/departamento-nacional-de-infraestrutura-de-transportes-dnit}, 
    journal={Departamento Nacional de Infraestrutura de Transportes - DNIT}, publisher={Portal Brasileiro de Dados Abertos},
    year={2001}
 } 
 
@misc{dnit2004,
    title={Inspeções em pontes e viadutos de concreto armado e protendido - Procedimento},
    url={https://www.gov.br/dnit/pt-br/assuntos/planejamento-e-pesquisa/ipr/coletanea-de-normas/coletanea-de-normas/procedimento-pro/DNIT_010_2004_PRO}, 
    journal={NORMA DNIT 010/2004 - PRO }, 
    publisher={MINISTÉRIO DOS TRANSPORTES},
    year={2004}
 } 
 
 @misc{PabloDenseNet2018,
 title={Understanding and visualizing DenseNets},
url={https://towardsdatascience.com/understanding-and-visualizing-densenets-7f688092391a},
year={2018},
month={Oct},
day={10},
author={Pablo Ruiz},
publisher={Towards Data Science}
 }
 
 @article{badrinarayanan2017segnet,
  title={Segnet: A deep convolutional encoder-decoder architecture for image segmentation},
  author={Badrinarayanan, Vijay and Kendall, Alex and Cipolla, Roberto},
  journal={IEEE transactions on pattern analysis and machine intelligence},
  volume={39},
  number={12},
  pages={2481--2495},
  year={2017},
  publisher={IEEE}
}

 @misc{anneLink2016,
    title={Sobrecarga e Fratura Frágil},
    url={https://pt.linkedin.com/pulse/sobrecarga-e-fratura-frágil-annelise-zeemann}, 
    publisher={LinkedIn},
    year={2016}
 } 

@article{simonyan2014very,
  title={Very deep convolutional networks for large-scale image recognition},
  author={Simonyan, Karen and Zisserman, Andrew},
  journal={arXiv preprint arXiv:1409.1556},
  year={2014}
}

@article{choi2019sddnet,
  title={SDDNet: Real-time crack segmentation},
  author={Choi, Wooram and Cha, Young-Jin},
  journal={IEEE Transactions on Industrial Electronics},
  volume={67},
  number={9},
  pages={8016--8025},
  year={2019},
  publisher={IEEE}
}

@article{ILSVRC15,
Author = {Olga Russakovsky and Jia Deng and Hao Su and Jonathan Krause and Sanjeev Satheesh and Sean Ma and Zhiheng Huang and Andrej Karpathy and Aditya Khosla and Michael Bernstein and Alexander C. Berg and Li Fei-Fei},
Title = {{ImageNet Large Scale Visual Recognition Challenge}},
Year = {2015},
journal   = {International Journal of Computer Vision (IJCV)},
doi = {10.1007/s11263-015-0816-y},
volume={115},
number={3},
pages={211-252}
}
 
 @inproceedings{chen2018encoder,
  title={Encoder-decoder with atrous separable convolution for semantic image segmentation},
  author={Chen, Liang-Chieh and Zhu, Yukun and Papandreou, George and Schroff, Florian and Adam, Hartwig},
  booktitle={Proceedings of the European conference on computer vision (ECCV)},
  pages={801--818},
  year={2018}
}

 @misc{statera,
    title={Ocorrências de Falhas em Estruturas de Concreto Armado ou Protendido},
    url={https://stateraengenharia.com.br/2021/09/ocorrencias-de-falhas-em-estruturas-de-concreto-armado-ou-protendido/},
    author={Ricardo Müller},
    publisher={Statera Engenharia},
    year={2021}
 } 
 
 @misc{GreatLearningVgg16,
    title={Introduction to VGG16 | What is VGG16?},
    url={https://www.mygreatlearning.com/blog/introduction-to-vgg16/#vgg-the-idea},
    author={Great Learning Team},
    publisher={Great Learning Team},
    year={2021},
    month={Oct},
    day={5}
 } 
 
@article{santos2008armaccao,
  title={A arma{\c{c}}{\~a}o do concreto no Brasil: hist{\'o}ria da difus{\~a}o da tecnologia do concreto armado e da constru{\c{c}}{\~a}o de sua hegemonia},
  author={dos Santos, Roberto Eustaquio},
  year={2008},
  publisher={Universidade Federal de Minas Gerais}
}

@misc{tecnosil_2017, 
    title={CORROSÃO DE ARMADURA: O QUE CAUSA E COMO AMENIZAR ESSE DANO?}, url={https://www.tecnosilbr.com.br/corrosao-de-armadura-o-que-causa-e-como-amenizar-esse-dano/}, 
    journal={Tecnosil Soluções Especias}, 
    author={Tecnosil, Marketing}, 
    year={2017}, 
    month={Dec}
} 

@misc{tecnhe_2010, 
    title={Qual é o limite?}, 
    url={https://revistatechne.com.br/qual-e-o-limite/}, 
    journal={Techne}, 
    publisher={PINI},
    year={2010}, 
    month={March},
    volume={156}
} 

@misc{vikashraj2019, 
    title={Forward propagation in neural networks — Simplified math and code version}, 
    url={https://towardsdatascience.com/forward-propagation-in-neural-networks-simplified-math-and-code-version-bbcfef6f9250}, 
    publisher={Towards Data Science},
    year={2019}, 
    month={May},
    day={7},
    author={Vikashraj Luhaniwal}
}


@misc{Anas2019, 
    title={How Does Back-Propagation in Artificial Neural Networks Work?}, 
    url={https://towardsdatascience.com/how-does-back-propagation-in-artificial-neural-networks-work-c7cad873ea7}, 
    publisher={Towards Data Science},
    year={2012}, 
    month={Jan},
    day={29},
    author={Anas Al-Masri}
}

@misc{brilliant_back,
    title={Backpropagation}, 
    url={https://brilliant.org/wiki/backpropagation/}, 
    publisher={BRILLIANT},
    year={2022}, 
    author={John McGonagle and George Shaikouski and Christopher Williams and Andrew Hsu and Jimin Khim and Aaron Miller}
}

@book{Zell2007,
  added-at = {2007-08-18T11:25:11.000+0200},
  author = {Zell, Andreas},
  biburl = {https://www.bibsonomy.org/bibtex/2d2e21f2f8dc32ec21ece48f50e8522a6/ssp},
  booktitle = {Simulation Neuronaler Netze.},
  isbn = {3486243500},
  keywords = {netze neuronale},
  month = {09},
  publisher = {Oldenbourg},
  timestamp = {2007-08-18T11:28:02.000+0200},
  title = {Simulation Neuronaler Netze.},
  year = 1994
}




@misc{ed2021, 
    title={Definition Machine Learning}, 
     author={Ed Burns}, 
    url={https://www.techtarget.com/searchenterpriseai/definition/machine-learning-ML}, 
    journal={TechTarget}, 
    publisher={TechTarget Network},
    year={2021}, 
    day={30},
    month={March},
} 

@misc{nakamura2007, 
 title={Fissuras põem em risco a vida útil das estruturas de concreto}, url={https://www.aecweb.com.br/revista/materias/fissuras-poem-em-risco-a-vida-util-das-estruturas-de-concreto/16243}, 
 publisher={AECweb},
 author={Juliana Nakamura and Kleber josé Berlando Martins and José Ricardo Pinto},
 year={2021}
} 

@misc{alexnetAnalyticsVidhya2021, 
 title={Alexnet architecture: Introduction to architecture of Alexnet}, url={https://www.analyticsvidhya.com/blog/2021/03/introduction-to-the-architecture-of-alexnet/}, 
  publisher={Analytics Vidhya},
 author={Shipra Saxena}, 
 year={2021},
     month={March},
    day={19}
} 

@misc{ibm2020, 
 title={What is Deep Learning?}, url={https://www.ibm.com/cloud/learn/deep-learning}, 
 journal={IBM Cloud Learn Hub}, 
 publisher={IBM},
 author={IBM Cloud Education}, 
 year={2020},
 day={1},
month={May}
} 



@BOOK{Russell2009,
  title     = "Artificial intelligence",
  author    = "Russell, Stuart and Norvig, Peter",
  publisher = "Pearson",
  edition   =  3,
  month     =  dec,
  year      =  2009,
  address   = "Upper Saddle River, NJ",
  language  = "en"
}

@ARTICLE{Bengio2013,
  title     = "Representation learning: a review and new perspectives",
  author    = "Bengio, Yoshua and Courville, Aaron and Vincent, Pascal",
  journal   = "IEEE Trans. Pattern Anal. Mach. Intell.",
  publisher = "Institute of Electrical and Electronics Engineers (IEEE)",
  volume    =  35,
  number    =  8,
  pages     = "1798--1828",
  month     =  aug,
  year      =  2013,
  language  = "en"
}


@INCOLLECTION{Van_Otterlo2012,
  title     = "Reinforcement learning and Markov decision processes",
  booktitle = "Adaptation, Learning, and Optimization",
  author    = "van Otterlo, Martijn and Wiering, Marco",
  publisher = "Springer Berlin Heidelberg",
  pages     = "3--42",
  series    = "Adaptation, learning, and optimization",
  year      =  2012,
  address   = "Berlin, Heidelberg"
}

@ARTICLE{Abiodun2018,
  title     = "State-of-the-art in artificial neural network applications: A
               survey",
  author    = "Abiodun, Oludare Isaac and Jantan, Aman and Omolara, Abiodun
               Esther and Dada, Kemi Victoria and Mohamed, Nachaat Abdelatif
               and Arshad, Humaira",
  journal   = "Heliyon",
  publisher = "Elsevier BV",
  volume    =  4,
  number    =  11,
  pages     = "e00938",
  month     =  nov,
  year      =  2018,
  keywords  = "Computer science",
  copyright = "http://creativecommons.org/licenses/by/4.0/",
  language  = "en"
}


 
@article{cremonini1988incidencia,
  title={Incid{\^e}ncia de manifesta{\c{c}}{\~o}es patol{\'o}gicas em unidades escolares na regi{\~a}o de Porto Alegre: recomenda{\c{c}}{\~o}es para projeto, execu{\c{c}}{\~a}o e manuten{\c{c}}{\~a}o},
  author={Cremonini, Ruy Alberto},
  year={1988}
}

@INCOLLECTION{Aggarwal2018,
  title     = "An Introduction to Neural Networks",
  booktitle = "Neural Networks and Deep Learning",
  author    = "Aggarwal, Charu C",
  publisher = "Springer International Publishing",
  pages     = "1--52",
  year      =  2018,
  address   = "Cham"
}


@BOOK{Haykin1998,
  title     = "Neural networks",
  author    = "Haykin, Simon O",
  publisher = "Pearson",
  edition   =  2,
  month     =  jul,
  year      =  1998,
  address   = "Upper Saddle River, NJ",
  language  = "en"
}

@article{lecun2015deep,
  title={Deep learning},
  author={LeCun, Yann and Bengio, Yoshua and Hinton, Geoffrey},
  journal={nature},
  volume={521},
  number={7553},
  pages={436--444},
  year={2015},
  publisher={Nature Publishing Group}
}

@article{vargas2017deep,
  title={Deep learning: a review},
  author={Vargas, Rocio and Mosavi, Amir and Ruiz, Ramon},
  year={2017}
}

@BOOK{Simon2013od,
  title     = "Too big to ignore",
  author    = "Simon, Phil",
  editor    = "Simon, Phil",
  publisher = "John Wiley \& Sons",
  series    = "Wiley and SAS Business Series",
  month     =  apr,
  year      =  2013,
  address   = "Nashville, TN",
  language  = "en"
}


@article{andrade1998durabilidade,
  title={Durabilidade das Estruturas de Concreto Armado: an{\'a}lise dos elementos estruturais mais degradados no estado de Pernambuco},
  author={ANDRADE, Jairo and DAL MOLIN, DCC},
  journal={ENCONTRO NACIONAL DA TECNOLOGIA DO AMBIENTE CONSTRU{\'I}DO: QUALIDADE DO PROCESSO CONSTRUTIVO},
  volume={7},
  year={1998}
}

@book{de1998patologia,
  title={Patologia, recupera{\c{c}}{\~a}o e refor{\c{c}}o de estruturas de concreto},
  author={de Souza, Vicente Custodio Moreira and Ripper, Thomaz},
  year={1998},
  publisher={Pini}
}

@book{thomaz2020trincas,
  title={Trincas em edif{\'\i}cios: causas, preven{\c{c}}{\~a}o e recupera{\c{c}}{\~a}o},
  author={Thomaz, Ercio},
  year={2020},
  publisher={Oficina de Textos}
}

@article{santos2014patologia,
  title={Patologia de estruturas de concreto},
  author={SANTOS, CF},
  journal={Universidade Federal de Santa Maria. Santa Maria},
  year={2014}
}

@book{allen2019fundamentals,
  title={Fundamentals of building construction: materials and methods},
  author={Allen, Edward and Iano, Joseph},
  year={2019},
  publisher={John Wiley \& Sons}
}

@article{izharcomparison,
  title={COMPARISON OF REINFORCED CONCRETE MEMBER DESIGN METHODS OF VARIOUS COUNTRIES},
  author={Reena Dagar},
  journal={International Journal of Recent Scientific Research Research Vol. 9, Issue, 4},
  year={2018}
}

@phdthesis{prado1999estruturas,
  title={Estruturas de edif{\'\i}cios em concreto armado submetidas a a{\c{c}}{\~o}es de constru{\c{c}}{\~a}o},
  author={Prado, Jos{\'e} Fern{\~a}o Miranda de Almeida},
  year={1999},
  school={Universidade de S{\~a}o Paulo}
}

@article{pinheiro2007fundamentos,
  title={Fundamentos do concreto e projeto de edif{\'\i}cios},
  author={Pinheiro, Lib{\^a}nio M},
  year={2007}
}

@article{gomes2008some,
  title={Some comparisons for damage detection on structures using genetic algorithms and modal sensitivity method},
  author={Gomes, HM and Silva, NRS},
  journal={Applied Mathematical Modelling},
  volume={32},
  number={11},
  pages={2216--2232},
  year={2008},
  publisher={Elsevier}
}

@article{gomes2004comparison,
  title={Comparison of response surface and neural network with other methods for structural reliability analysis},
  author={Gomes, Herbert Martins and Awruch, Armando Miguel},
  journal={Structural safety},
  volume={26},
  number={1},
  pages={49--67},
  year={2004},
  publisher={Elsevier}
}

@article{maguire2018sdnet2018,
  title={SDNET2018: A concrete crack image dataset for machine learning applications},
  author={Maguire, Marc and Dorafshan, Sattar and Thomas, Robert J},
  year={2018},
  publisher={Utah State University}
}

@article{dorafshan2019benchmarking,
  title={Benchmarking image processing algorithms for unmanned aerial system-assisted crack detection in concrete structures},
  author={Dorafshan, Sattar and Thomas, Robert J and Maguire, Marc},
  journal={Infrastructures},
  volume={4},
  number={2},
  pages={19},
  year={2019},
  publisher={MDPI}
}

@article{ichi2021sdnet2021,
  title={SDNET2021: Annotated NDE Dataset for Structural Defects},
  author={Ichi, Eberichi and Dorafshan, Sattar},
  year={2021}
}

